@PREAMBLE{ {\providecommand{\noopsort}[1]{}} }
@string{academic = {Academic Press}}
@string{acmmathsoft = {{ACM} Trans. Math. Softw.}}
@string{acmpress = {{ACM} Press}}
@string{actanumerica = {Acta Numer.}}
@string{adamhilger = {Adam Hilger}}
@string{addisonwesley = {Addison-Wesley}}
@string{allynbacon = {Allyn and Bacon}}
@string{amermathmonthly = {Amer. Math. Monthly}}
@string{amersocio = {Amer. J. Sociology}}
@string{amerstatassoc = {J. Amer. Statist. Assoc.}}
@string{ams = {American Mathematical Society}}
@string{amstrans = {Amer. Math. Soc. Transl.}}
@string{annalsstats = {Ann. Statist.}}
@string{appnummath = {Appl. Numer. Math.}}
@string{applmathcomp = {Appl. Math. Comput.}}
@string{athena = {Athena Scientific}}
@string{birkhauser = {Birkha{\"u}ser}}
@string{bit = {{BIT}}}
@string{britstatpsych = {Brit. J. Math. Statist. Psych.}}
@string{bullams = {Bull. Amer. Math. Soc.}}
@string{cacm = {Comm. {ACM}}}
@string{cambridgepress = {Cambridge University Press}}
@string{canmathbull = {Canad. Math. Bull.}}
@string{chelsea = {Chelsea}}
@string{claredonpress = {Claredon Press}}
@string{compapplmath = {J. Comput. Appl. Math.}}
@string{compapplopt = {Comput. Optim. Appl.}}
@string{compoptsoft = {Comput. Optim. Softw.}}
@string{compjour = {Comput. J.}}
@string{compphys = {J. Comput. Phys.}}
@string{compserv = {Comput. Surveys}}
@string{compstruct = {Comput. \& Structures}}
@string{compsyssci = {J. Comput. System Sci.}}
@string{computer = {{IEEE} Computer}}
@string{computing = {Computing}}
@string{contempmath = {Contemp. Math.}}
@string{crelle = {Crelle's J.}}
@string{doverpub = {Dover Publications}}
@string{eyolles = {Eyolles}}
@string{giornalemath = {Giorn. Mat.}}
@string{geophysics = {Geophys.}}
@string{holtrinehartwinston = {Holt, Rinehart and Winston}}
@string{ieeespec = {{IEEE} Spectrum}}
@string{ieeetransac = {{IEEE} Trans. Automat. Control}}
@string{ieeetransaeroelec = {{IEEE} Trans. Aerospace Electron. Systems}}
@string{ieeetranscomp = {{IEEE} Trans. Comput.}}
@string{ieeetransimproc = {{IEEE} Trans. Image Process.}}
@string{ieeetransinfo = {{IEEE} Trans. Inform. Theory}}
@string{ieeetranssigproc = {{IEEE} Trans. Sig. Proc.}}
@string{imanumerana = {{IMA} J. Numer. Anal.}}
@string{imanumerana- = {{IMA} Journal of Numerical Analysis}}
@string{infproclet = {Inform. Process. Lett.}}
@string{instmathapp = {J. Inst. Math. Appl.}}
@string{intcontrol = {Internat. J. Control}}
@string{interscience = {Interscience}}
@string{intnumereng = {Internat. J. Numer. Methods Engrg.}}
@string{intsuper = {Internat. J. Supercomputing Applic.}}
@string{jacm = {J. Assoc. Comput. Mach.}}
@string{jconvexanal = {J. Convex Anal.}}
@string{johnshopkinspress = {The Johns Hopkins University Press}}
@string{johnwileysons = {John Wiley and Sons}}
@string{jota = {J. Optim. Theory Appl.}}
@string{jresnatburstand = {J. Res. Nat. Bur. Standards}}
@string{jsiam = {J. Soc. Indust. Appl. Math.}}
@string{jsiamb = {J. Soc. Indust. Appl. Math. Ser. B Numer. Anal.}}
@string{kibernetika = {Kibernetika}}
@string{linalgapp = {Linear Algebra Appl.}}
@string{macmillan = {Macmillan}}
@string{managesci = {Mgmnt Sci.}}
@string{mathanaappl = {J. Math. Anal. Appl.}}
@string{mathannalen = {Math. Ann.}}
@string{mathcomp = {Math. Comp.}}
@string{mathofor = {Math. Op. Res.}}
@string{mathphys = {J. Math. Phys.}}
@string{mathprog = {Math. Program.}}
@string{mathprogb = {Math. Program., Ser. B}}
@string{mathprogc = {Math. Program. Comp.}}
@string{mathprogstudy = {Math. Program. Study}}
@string{mathscand = {Math. Scand.}}
@string{mathworks = {The Math Works Inc.}}
@string{mcgrawhill = {McGraw-Hill}}
@string{natburstd = {National Bureau of Standards}}
@string{northholland = {North-Holland}}
@string{numermath = {Numer. Math.}}
@string{optimmeth = {Optim. Methods Softw.}}
@string{oxfordpress = {Oxford University Press}}
@string{pacificmath = {Pacific J. Math.}}
@string{parcomputing = {Parallel Comput.}}
@string{pardistcomp = {J. Parallel and Distrib. Comput.}}
@string{pergamonpress = {Pergamon Press}}
@string{philmag = {Philos. Mag.}}
@string{plenumpress = {Plenum Press}}
@string{prenticehall = {Prentice-Hall}}
@string{procams = {Proc. Amer. Math. Soc.}}
@string{procieee = {Proc. {IEEE}}}
@string{procnas = {Proc.\@ Natl.\@ Acad.\@ Sci.\@ USA}}
@string{psychometrika = {Psychometrika}}
@string{quartapplmath = {Quart. Appl. Math.}}
@string{quartmath = {Quart. J. Math. Oxford Ser. (2)}}
@string{revueinststat = {Rev. Inst. Internat. Statist.}}
@string{scientific = {The Scientific Press}}
@string{siamalgmeth = {{SIAM} J. Algebraic Discrete Methods}}
@string{siamappmath = {{SIAM} J. Appl. Math.}}
@string{siamcomp = {{SIAM} J. Comput.}}
@string{siamcontrol = {{SIAM} J. Control Optim.}}
@string{siammath = {{SIAM} J. Math. Anal.}}
@string{siammatrix = {{SIAM} J. Matrix Anal. Appl.}}
@string{siammms = {Multiscale Model. Simul.}}
@string{siamnumanal = {{SIAM} J. Numer. Anal.}}
@string{siamopt = {{SIAM} J. Optim.}}
@string{siampub = {Society of Industrial and Applied Mathematics}}
@string{siamreview = {{SIAM} Rev.}}
@string{siamscicomp = {{SIAM} J. Sci. Comput.}}
@string{siamsiims = {{SIAM} J. Imag. Sci.}}
@string{signum = {{ACM} {SIGNUM} Newslett.}}
@string{softpracexp = {Software Prac. Experience}}
@string{springer = {Springer-Verlag}}
@string{stanford = {Stanford University Press}}
@string{statscience = {Statist. Sci.}}
@string{tablesaidscomp = {Math. Tables Aids Comput.}}
@string{techno = {Technometrics}}
@string{texaspress = {University of Texas Press}}
@string{transams = {Trans. Amer. Math. Soc.}}
@string{ussrcompmathphys = {{U. S. S. R.} Comput. Math. and Math. Phys.}}
@string{vannostrand = {Van Nostrand}}
@string{vlsicompsys = {J. {VLSI} Comput. Syst.}}
@string{whfreeman = {W. H. Freeman and Co.}}
@string{zangewmathmech = {Z. Angew. Math. Mech.}}
@string{zangewmathphys = {Z. Angew. Math. Phys.}}

@book{AuT03,
  Address =      {New York},
  Author =       {A. Auslender and M. Teboulle},
  Date-Modified ={2013-09-20},
  Publisher =    springer,
  Series =       {Springer Monographs in Mathematics},
  Title =        {Asymptotic Cones and Functions in Optimization and Variational Inequalities},
  Year =         2003
}

@book{Berman:1973,
  title =        {Cones, Matrices and Mathematical Programming},
  author =       {A. Berman},
  Series =       {Lecture Notes in Economics and Mathematical Systems},
  volume =    {79},
  year =         1973,
  publisher =    springer
}

@Article{Gwinner:1985,
  author =       "J. Gwinner",
  title =        "An extension lemma and homogeneous programming",
  journal =      "Journal of Optimization Theory and Applications",
  year =         1985,
  volume =       47,
  pages =         {321--336},
}

@Article{McLinden:1978,
  author =       "L. McLinden",
  title =        "Symmetric duality for structured convex programs",
  journal =      "Transactions of the American Mathematical Society",
  year =         1978,
  volume =       245,
  pages =         {147--181},
}
